@article{Wright1999,
abstract = {Ideas for research can come from numerous sources, and should be explored in depth to identify key areas for research. Question stems can be used to generate the research question. The research question must be carefully worded to avoid misinterpretation and ambiguities.},
author = {Wright, D J},
issn = {0266-8130},
journal = {Professional nurse (London, England)},
keywords = {Algorithms,Decision Trees,Humans,Nursing Research,Nursing Research: organization {\&} administration,Research Design},
month = {aug},
number = {11},
pages = {786--9},
pmid = {10481709},
title = {{Developing an effective research question.}},
url = {http://www.ncbi.nlm.nih.gov/pubmed/10481709},
volume = {14},
year = {1999}
}

@article{Whitesides2004,
abstract = {Insights into conducting research and the writing of scientific papers are given by Prof. Whitesides in this short essay. The manuscript and its guidelines has been circulated within the Whitesides' research group since 1989.},
archivePrefix = {arXiv},
arxivId = {1003.3921v1},
author = {Whitesides, George M.},
doi = {10.1002/adma.200400767},
eprint = {1003.3921v1},
isbn = {3825208028},
issn = {09359648},
journal = {Advanced Materials},
number = {15 SPEC. ISS.},
pages = {1375--1377},
pmid = {19782018},
title = {{Whitesides' Group: Writing a paper}},
volume = {16},
year = {2004}
}
